@String{icml = {Proceedings of the International Conference on Machine Learning}}
@String{cidr = {Conference on Innovative Data Systems Research}}

@String{sigmod = {Proceedings of the International Conference on Management of Data (SIGMOD)}}
@String{icml = {Proceedings of ICML}}
@String{cidr = {Proceedings of CIDR}}
@String{vldb = {Proceedings of the Very Large Data Bases Conference (VLDB)}}
@String{sbbd = {Proceedings of SBBD}}
@String{www = {Proceedings of the International World Wide Web Conference (WWW)}}
@String{sigrec = {SIGMOD Record}}

@string{wise = {Proceedings. of International Conference on Web Information Systems Engineering (WISE)}}
@String{cikm = {Proceedings of ACM International Conference on Information and Knowledge Management (CIKM)}}
@String{sigir = {Proceedings of ACM Conference on Research and Development in Information Retrieval (SIGIR)}}
@string{kdd = {Proceedings of International Conference on Knowledge Discovery and Data Mining}}
@string{tkde = {IEEE Transactions on Knowledge and Data Engineering}}
@string{cacm = {Communications of ACM}}
@string{misrd = {Samuelson (Ed.), Mechanized Information Storage, Retrieval and Dissemination}}

@String{icml = {Proceedings of ICML}}
@String{sbbd = {Proceedings of SBBD}}
@string{sigmod = "Proceedings of the International Conference on Management of Data (SIGMOD)"}
@string{pods = "Proceedings of PODS"}
@string{vldb = "Proceedings of the Very Large Data Bases Conference (VLDB)"}
@string{www = "Proceedings of WWW"}
@string{wwwposter = "Poster Proceedings of WWW"}
@string{sigmod-record = "SIGMOD Record"}
@string{aaai = "Proceedings of AAAI"}
@string{dood = "Proceedings of DOOD"}
@string{icde = "Proceedings of ICDE"}
% @string{webdb = "Proceedings of the Workshop on Web and Databases"}
@string{webdb = "Proceedings of WebDB"}
@string{tods = "ACM TODS"}
@string{tois = "ACM TOIS"}
@string{jiis = "Journal of Intelligent Information Systems"}
@string{icdt = "Proceedings of ICDT"}
@string{dexa = "Proceedings of DEXA"}
@string{eextt = "Proceedings of EEXTT"}
@string{xsym = "Proceedings of XML Database Symposium (XSym)"}
@string{mobilesearch = "Proceedings of the WWW Workshop on Mobile Search"}
@string{jep = "Journal of Electronic Publishing"}
@string{csda = "Computational Statistics \& Data Analysis"}
@String{icml = {Proc.  of ICML}}
@String{sbbd = {Proc.  of SBBD}}
@string{sigmod = "Proc.  of SIGMOD"}
@string{pods = "Proc.  of PODS"}
@string{vldb = "Proc.  of VLDB"}
@string{www = "Proc.  of WWW"}
@string{wwwposter = "Poster Proc.  of WWW"}
@string{sigmod-record = "SIGMOD Record"}
@string{aaai = "Proc.  of AAAI"}
@string{dood = "Proc.  of DOOD"}
@string{icde = "Proc.  of ICDE"}
% @string{webdb = "Proc.  of the Workshop on Web and Databases"}
@string{webdb = "Proc.  of WebDB"}
@string{tods = "ACM TODS"}
@string{tois = "ACM TOIS"}
@string{jiis = "Journal of Intelligent Information Systems"}
@string{icdt = "Proc.  of ICDT"}
@string{dexa = "Proc.  of DEXA"}
@string{eextt = "Proc.  of EEXTT"}
@string{xsym = "Proc.  of XML Database Symposium (XSym)"}
@string{mobilesearch = "Proc.  of the WWW Workshop on Mobile Search"}
@string{adc = "Proc. of ADC"}
@string{cikm = {Proc. of CIKM}}
@String{sigir = {Proc. of SIGIR}}
@string{kdd = {Proc. of KDD}}
@string{wise = {Proc. of WISE}}
@string{i5wdmg = "Proceedings of the fifth ACM International Workshop on Web Information and Data Management"}

@string{jep = "Journal of Electronic Publishing"}
@string{tkde = {IEEE TKDE}}
@string{cacm = {ACM}}

@string{jcs = "Journal of Computational Science}

@inproceedings{pcarvalho,
 author = {Joyce C. P Carvalho and Altigran S. Silva},
 title = {Finding similar identities among objects from multiple web sources},
 booktitle = i5wdmg,
 year = {2003},
 pages = {90 - 93},
 }

@inproceedings{contextualpolarity,
 author = {Theresa Wilson and Janyce Wiebe and Paul Hoffmann},
 title = {Recognizing contextual polarity in phrase-level sentiment analysis},
 booktitle = "HLT '05 Proceedings of the conference on Human Language Technology and Empirical Methods in Natural Language Processing",
 year = {2005}
 }

@inproceedings{thumbsup,
 author = {Bo Pang and Lillian Lee and Shivakumar Vaithyanathan},
 title = {Thumbs up?: sentiment classification using machine learning techniques},
 booktitle = "EMNLP '02 Proceedings of the ACL-02 conference on Empirical methods in natural language processing",
 year = {2002}
 }

@article{lexiconAA,
    author    = "Ann Devitt and Khurshid Ahmad",
    title     = "A Lexicon for Polarity: Affective content in financial news text",
    journal   = "Proceedings of Language For Special Purposes",
    %volume   = "",
    %number   = "",
    %pages    = "",
    year      = "2007",
    %month    = "August",
    %note     = "",
}

@article{azsystem,
 author = {Schumaker, Robert P. and Chen, Hsinchun},
 title = {Textual analysis of stock market prediction using breaking financial news: The AZFin text system},
 journal = {ACM Trans. Inf. Syst.},
 issue_date = {February 2009},
 volume = {27},
 issue = {2},
 month = {March},
 year = {2009},
 issn = {1046-8188},
 pages = {12:1--12:19},
 articleno = {12},
 numpages = {19},
 url = {http://doi.acm.org/10.1145/1462198.1462204},
 doi = {http://doi.acm.org/10.1145/1462198.1462204},
 acmid = {1462204},
 publisher = {ACM},
 address = {New York, NY, USA},
 keywords = {SVM, prediction, stock market},
} 

@article{cohesion,
    author    = "Ann Devitt and Khurshid Ahmad",
    title     = "Sentiment Polarity Identification in Financial News: A Cohesion-based Approach",
    journal   = "45th Annual Meeting of the Association for Computational Linguistics",
    %volume   = "",
    %number   = "",
    %pages    = "",
    year      = "2007",
    %month    = "June",
    %note     = "",
}

@conference{SA,
    author    = "Yi, J. and Nasukawa, T. and Bunescu, R. and Niblack, W.",
    title     = "Sentiment analyzer: extracting sentiments about a given topic using natural language processing techniques",
    booktitle = "Data Mining, 2003. ICDM 2003. Third IEEE International Conference on",
    %editor   = "",
    %volume   = "",
    %number   = "",
    %series   = "",
    %pages    = "427 - 434",
    %address  = "",
    year      = "2003",
    %month    = "November",
    %publisher= "",
    %note     = "",
}

@phdthesis{pablotese,
    author    = "Pablo Azar",
    title     = "Sentiment Analysis Financial News",
    school    = "Hardvard College",
    year      = "2009",
}

@article{jbhx,
 author = {Johan Bollen and Huina Mao and Xiao-Jun Zeng},
 title = {Twitter mood predicts the stock market},
 journal = jcs,
 volume = {1},
 number = {2},
 year = {2010},
 pages = {1-8},
 }

@article{aatlas,
 author = {Sheila Tejada and Craig A. Knoblock and Steven Minton},
 title = {Learning object identification rules for information integration},
 journal = {Information Systems},
 volume = {26},
 number = {8},
 year = {2001},
 pages = {607-633},
 }


@inproceedings{mainfold,
   author = "Alon Y. Levy and Anand Rajaraman and Joann J. Ordille",
   title = "Query-Answering Algorithms for Information Agents",
   booktitle = "Proceedings of the Thirteenth National Conference on Artificial Intelligence and the Eighth Innovative Applications of Artificial Intelligence Conference",
   address = "Menlo Park",
   pages = "40--47",
   year = "1996" }

@article{whirl,
 author = {William W. Cohen},
 title = {Data integration using similarity joins and a word-based information representation language},
 journal = tois,
 volume = {18},
 number = {3},
 year = {2000},
 pages = {288-321},
 }


@article{tsimmis,
   author = "Hector Garcia-Molina and Yannis Papakonstantinou and Dallan Quass and Anand Rajaraman and Yehoshua Sagiv and Jeffrey D. Ullman and Vasilis Vassalos and Jennifer Widom",
   title = "The {TSIMMIS} Approach to Mediation: Data Models and Languages",
   journal = jiis,
   volume = "8",
   number = "2",
   pages = "117-132",
   year = "1997"
}

@Misc{febrl,
 key =      {febrl},
 title =    {{Freely Extensible Biomedical Record Linkage}},
 note =     {{http://sourceforge.net/projects/febrl}}
}

@Misc{whitepaper,
 key =      {whitepaper},
 author = {Royce Bell and Frank Dravis},
 title =  {Is you data dirty? and does that matter?},
 note =  {Accenture Whiter Paper, 2006 - http://www.accenture.com}
}

@Misc{magazine,
 key =      {magazine},
 author = {Malcon Wheatley},
 title =  {Operation Clean Data},
 note =  {CIO Asia Magazine, August 2004  (http://www.cio-asia.com)}
}

@article{fellegi,
 author = {I. P. Fellegi and A. B. Sunter},
 title = {A theory for record linkage},
 journal = {Journal of American Statistical Association},
 volume = {66},
 number = {1},
 year = {1969},
 pages = {1183-1210},
 }

@Misc{acmdl,
 key =      {acmdl},
 title =    {{ ACM Digital Library}},
 note =     {{http://www.acm.org}},
}

@Misc{cora,
 key =      {cora},
 title =    {{Cora Database}},
 note =     {{http://www.cora.justresearch.com}},
}

@inproceedings{joliveira,
 author    = {Jean W. A. Oliveira and
              Alberto H. F. Laender and
              Marcos Andr{\'e} Gon\c{c}alves},
 title     = {Remo\c{c}{\~a}o de Ambiguidades na Identifica\c{c}{\~a}o
              de Autoria de Objetos Bibliogr{\'a}ficos.},
 booktitle = {SBBD},
 year      = {2005},
 pages     = {205-219}
}

@inproceedings{carvalhoJCDL2006,
 author = {Mois\'{e}s G. de Carvalho and Marcos Andr\'{e} Gon\c{c}alves and Alberto H. F. Laender and Altigran S. da Silva},
 title = {Learning to deduplicate},
 booktitle = {Proceedings of the 6th ACM/IEEE-CS Joint Conference on Digital Libraries},
 year = {2006},
 isbn = {1-59593-354-9},
 pages = {41--50},
 }

@Article{BIL03,
 author =   {Mikhail Bilenko and Raymond Mooney and William Cohen and Pradeep Ravikumar and Stephen Fienberg},
 title =    {Adaptive Name Matching in Information Integration},
 journal =  {IEEE Intelligent Systems},
 year =     {2003},
 volume = {18},
 number = {5},
 pages  = {16-23},
 month =    {September/October}
}

@article{VLDB2003RecMach,
 author = {V. S. Verykios and G. V. Moustakides and M. G. Elfeky},
 title = {A Bayesian decision model for cost optimal record matching},
 journal = {The VLDB Journal},
 volume = {12},
 number = {1},
 year = {2003},
 issn = {1066-8888},
 pages = {28--40},
 doi = {http://dx.doi.org/10.1007/s00778-002-0072-y},
 }

@inproceedings{sigmo04dLinkage,
 author = {Indrajit Bhattacharya and Lise Getoor},
 title = {Iterative record linkage for cleaning and integration},
 booktitle = {Proceedings of the 9th ACM SIGMOD Workshop on Research Issues in Data Mining and Knowledge Discovery},
 year = {2004},
 isbn = {1-58113-908-X},
 pages = {11--18},
 doi = {http://doi.acm.org/10.1145/1008694.1008697},
 }

@inproceedings{bilenko,
 author = {Mikhail Bilenko and Raymond J. Mooney},
 title = {Adaptive duplicate detection using learnable string similarity measures},
 booktitle = {Proceedings of the Ninth ACM SIGKDD International Conference on Knowledge Discovery and Data Mining},
 year = {2003},
 pages = {39-48},
 }

@inproceedings{cohen,
 author = {William W. Cohen  and J. Richman},
 title = {Learning to match and cluster large high-dimensional data sets for data integration},
 booktitle = {Proceedings of the Ninth ACM SIGKDD International Conference on Knowledge Discovery and Data Mining},
 pages = {475-480},
 year = {2002} ,
}

@inproceedings{dongwon,
 author = {Dongwon Lee and Byung-Won On and Jaewoo Kang and Sanghyun Park},
 title = {Effective and scalable solutions for mixed and split citation problems in digital libraries},
 booktitle = {Proceedings of the 2nd International Workshop on Information Quality in Information Systems},
 year = {2005},
 pages = {69--76},
 }

@Book{banzhaf,
 author =   {W Banzhaf and P Nordin and R E Keller and F D Francone},
 title =    {Genetic Programming - An Introduction: On the Automatic Evolution of Computer Programs and Its Applications},
 publisher = {Morgan Kaufmann Publishers},
 year =     {1998},
}

@inproceedings{taher,
 author = {Taher H. Haveliwala and Aristides Gionis and Dan Klein and Piotr Indyk},
 title = {Evaluating strategies for similarity search on the web},
 booktitle = {Proceedings of the 11th International Conference on World Wide Web},
 year = {2002},
 pages = {432--442},
 location = {Honolulu, Hawaii, USA},
 }

@Book{koza,
 author =   {Koza, J R},
 title =    {Gentic Programming: On the Programming of Computers by Means of Natural Selection},
 publisher =    {MIT Press},
 year =     {1992},
}

@inproceedings{caldera,
 author = {J P Caldera and A C Rosa},
 title = {School Time Tabling using Genetic Search},
 booktitle = {Proceedings of the 2nd International Conference on the Practice and Theory of Automated Timetabling},
 year = {1997},
 pages = {115-122},
 location = {Toronto, Canada},
 }

@Book{BYRN99,
 author =   {Ricardo A. Baeza-Yates and Berthier A. Ribeiro-Neto},
 title =    {Modern Information Retrieval},
 publisher =    {ACM Press/Addison-Wesley},
 year =     {1999},
}



@article{LawrenceGB99b,
 author    = {Steve Lawrence and
              C. Lee Giles and
              Kurt D. Bollacker},
 title     = {Digital Libraries and Autonomous Citation Indexing.},
 journal   = {IEEE Computer},
 volume    = {32},
 number    = {6},
 year      = {1999},
 pages     = {67-71}
 }


 @inproceedings{LawrenceGB99a,
 author    = {Steve Lawrence and
              C. Lee Giles and
              Kurt D. Bollacker},
 title     = {Autonomous Citation Matching.},
 booktitle = {Proceedings of the Third International Conference on Autonomous Agents},
 year      = {1999},
 pages     = {392-393}
}


@inproceedings{CHA03,
 author = {Surajit Chaudhuri and Kris Ganjam and Venkatesh Ganti and Rajeev Motwani},
 title = {Robust and efficient fuzzy match for online data cleaning},
 booktitle = {Proceedings of the 2003 ACM SIGMOD International Conference on Management of Data},
 year = {2003},
 pages = {313-324},
 location = {San Diego, California}
 }


@inproceedings{simRefs,
 author = {Nick Koudas and Sunita Sarawagi and Divesh Srivastava},
 title = {Record linkage: similarity measures and algorithms},
 booktitle = {Proceedings of the 2006 ACM SIGMOD International Conference on Management of data},
 year = {2006},
 isbn = {1-59593-434-0},
 pages = {802--803},
 doi = {http://doi.acm.org/10.1145/1142473.1142599},
 }
